%!TEX root = report.tex

@misc{wikipedia:git,
author = "Wikipedia",
title = "Git (software)",
url = "\url{https://en.wikipedia.org/wiki/Git_(software)}",
note = "[accessed June-2013]"
}

@misc{tools:monkey,
author = {Android Tools},
title = {UI/Application Exerciser Monkey},
year = {accessed May 2013},
url = \url{https://developer.android.com/tools/help/monkey.html}
}

@misc{tools:adb,
author = {Android Tools},
title = {Android Debug Bridge},
year = {accessed May 2013},
url = \url{https://developer.android.com/tools/help/adb.html}
}

@misc{guide:location_strategies,
author = "Android API Guides",
title = "Location Strategies",
year = "2013",
url = \url{"https://developer.android.com/guide/topics/location/strategies.html"}    
}

@misc{api:service,
author = "Android API Documentation",
title = "Service",
year = "2013",
url = \url{"https://developer.android.com/reference/android/app/Service.html"}
}

@misc{wikipedia:observer,
author = "Wikipedia",
title = "Observateur (patron de conception)",
year = "2013",
url = "\url{https://en.wikipedia.org/wiki/Observateur_(patron_de_conception)}",
note = "[accessed May-2013]"
}

@misc{fowler:passive_view,
author = "Martin Fowler",
title = "Passive View",
year = "18 Jul 06",
url = "\url{http://martinfowler.com/eaaDev/PassiveScreen.html}",
note = "[accessed May-2013]"
}

@book{jdp_observer,
    title = "Java Design Patterns: A Tutorial",
    author = "James W. Cooper",
    date = "January 28, 2000",
    isbn = "0-201-48539-7"
}
@misc{index_tunisie,
title = "Fiche Société",
url = "\url{http://www.index-tunisie.com/fiche-tunav,1230.html}"
}

@misc{lefigaro,
author = "Elsa Bembaron",
title = "Le marché des PC s'effondre face aux smartphones et aux tablettes",
date = "Mis à jour le 11/04/2013 à 23:38; Publié le 11/04/2013 à 19:50",
url = "\url{http://www.lefigaro.fr/societes/2013/04/11/20005-20130411ARTFIG00684-le-marche-des-pc-s-effondre-faceaux-smartphones-et-aux-tablettes.php}" }

@misc{pct:flyer,
    author = "Cerner",
    title = "The patient visit...revisited",
    note = "flayer"
}

@misc{pph:tabtimes,
    author = "David Raths",
    title = "Real-time healthcare: How one hospital uses Cisco's Cius to improve patient care",
    url = "\url{http://tabtimes.com/how/healthcare/2011/11/17/real-time-healthcare-how-one-hospital-uses-ciscos-cius-improve-patient}",
    date = "November 17 2011"
}

@misc{pph:eweek,
    author = "Brian T. Horowitz",
    title = "Cisco Cius Android Tablets Go to Work on San Diego Hospital Private Cloud",
    url = "\url{www.eweek.com/print/c/a/Mobile-and-Wireless/Cisco-Cius-Android-Tablets-Go-to-Work-on-San-Diego-Hospital-Private-Cloud-632403/}",
    date = "2011­07­22"
}

@misc{pph:yahoo,
    author = "Palomar Pomerado Health (Press Release)",
    title = "Palomar Pomerado Health Unveils Wireless Health­Care
    Application for Mobile Devices",
    url = \url{finance.yahoo.com/news/Palomar-Pomerado-Health-iw-1011980033.html},
    date = {Mon, Feb 21, 2011}
}

@misc{idc,
    author = "IDC Worldwide Mobile Phone Tracker",
    url = "\url{http://www.idc.com/getdoc.jsp?containerId=prUS23771812#.UTHyxEE-vow}",
    date = "November 1, 2012"
}

@misc{venturebeat.com,
    author = "John Koetsier",
    url = "\url{http://venturebeat.com/2013/01/28/android-captured-almost-70-global-smartphone-market-share-in-2012-apple-just-under-20/}",
    date = "Janvier 28, 2013"
}


@inbook{pa4ad:chptr1,
author = "Reto Meier",
title = "Professional Android 4 Application Development",
publisher = "Wrox",
year = "May 2012",
chapter = "1"
}

@misc{wiki:kml,
author = "Wikipedia",
title = "Keyhole Markup Language - {W}ikipedia{,} The Free Encyclopedia",
year = "2013",
url = "\url{https://en.wikipedia.org/wiki/Keyhole_Markup_Language}",
note = "[accessed Feb-2013]"
}

@misc{wiki:gpx,
author = "Wikipedia",
title = "GPS eXchange Format - {W}ikipedia{,} The Free Encyclopedia",
year = "2013",
url = "\url{https://en.wikipedia.org/wiki/GPS_eXchange_Format}",
note =  "[accessed Feb-2013]"
}

@misc{wiki:geocoding,
author = "Wikipedia",
title = "Geocoding - {W}ikipedia{,} The Free Encyclopedia",
year = "2013",
url = "\url{https://en.wikipedia.org/wiki/Geocoding}",
note = "[accessed Feb-2013]"
}

@misc{enig:gps,
author = "Emna Hajlawi",
title = "Cours de Communication Spatiale",
year = "2012"}

@inbook{pa4ad:chptr13,
author = "Reto Meier",
title = "Professional Android 4 Application Development",
publisher = "Wrox",
year = "May 2012",
chapter = "13"}

@techreport{lft:growth_android,
author = "Benjamin Zores",
title = "The growth of Android in embedded systems",
institution = "The Linux Foundation",
year = "2013"}

@video{pycon:getting_started_with_automated_testing,
author = "Carl Meyer",
title = "Getting started with automated testing",
year = "March 16, 2013",
url = "\url{http://pyvideo.org/video/1674/getting-started-with-automated-testing}",
note = "[video talk]"
}