% !TEX root = ../0-main.tex

@misc{idc,
author = "IDC Worldwide Mobile Phone Tracker",
url = "\url{http://www.idc.com/getdoc.jsp?containerId=prUS23771812#.UTHyxEE-vow}",
date = "November 1, 2012",
note = "[Online]"}

@misc{wiki:kml,
author = "Wikipedia",
title = "Keyhole Markup Language - {W}ikipedia{,} The Free Encyclopedia",
year = "2013",
url = "\url{https://en.wikipedia.org/wiki/Keyhole_Markup_Language}",
note = "[Online; accessed Feb-2013]"
}

@misc{wiki:gpx,
author = "Wikipedia",
title = "GPS eXchange Format - {W}ikipedia{,} The Free Encyclopedia",
year = "2013",
url = "\url{https://en.wikipedia.org/wiki/GPS_eXchange_Format}",
note = "[Online; accessed Feb-2013]"
}

@misc{wiki:geocoding,
author = "Wikipedia",
title = "Geocoding - {W}ikipedia{,} The Free Encyclopedia",
year = "2013",
url = "\url{https://en.wikipedia.org/wiki/Geocoding}",
note = "[Online; accessed Feb-2013]"
}

@misc{enig:gps,
author = "Emna Hajlawi",
title = "Cours de Communication Spatial",
year = "2012"}

@inbook{pa4ad:lbs,
author = "Reto Meier",
title = "Professional Android 4 Application Development",
publisher = "Wrox",
year = "May 2012",
chapter = "13"}